<record><leader>00000cas a22000007a 4500</leader><controlfield tag="001">31946902</controlfield><controlfield tag="008">950207d18691869vauwr ne      0    0eng d</controlfield><datafield ind1=" " ind2=" " tag="010"><subfield code="a">sn 95068731 </subfield></datafield><datafield ind1=" " ind2=" " tag="040"><subfield code="a">MGN</subfield><subfield code="b">eng</subfield><subfield code="c">MGN</subfield><subfield code="d">OCLCQ</subfield></datafield><datafield ind1=" " ind2=" " tag="042"><subfield code="a">msc</subfield></datafield><datafield ind1="0" ind2="4" tag="245"><subfield code="a">The Lynchburg intelligencer.</subfield></datafield><datafield ind1=" " ind2=" " tag="260"><subfield code="a">Lynchburg [Va.] :</subfield><subfield code="b">E.C. Randolph &amp; Co.</subfield></datafield><datafield ind1=" " ind2=" " tag="300"><subfield code="a">v.</subfield></datafield><datafield ind1=" " ind2=" " tag="310"><subfield code="a">Weekly</subfield></datafield><datafield ind1="0" ind2=" " tag="362"><subfield code="a">Vol. 1, no. 1 (Mar. 15, 1869)-</subfield></datafield><datafield ind1="1" ind2=" " tag="362"><subfield code="a">Ceased in 1869?</subfield></datafield><datafield ind1=" " ind2=" " tag="752"><subfield code="a">United States</subfield><subfield code="b">Virginia</subfield><subfield code="d">Lynchburg.</subfield></datafield><datafield ind1="0" ind2="0" tag="780"><subfield code="t">Piedmont intelligencer</subfield><subfield code="w">(DLC)sn 94059392</subfield></datafield></record>